@inproceedings{attention,
  title     = {Attention is All you Need},
  volume    = {30},
  url       = {
               https://proceedings.neurips.cc/paper/2017/hash/3f5ee243547dee91fbd053c1c4a845aa-Abstract.html
               },
  booktitle = {Advances in Neural Information Processing Systems},
  publisher = {Curran Associates, Inc.},
  author    = { [1] Vaswani, Ashish and Shazeer, Noam and Parmar, Niki and Uszkoreit,
               Jakob and Jones, Llion and Gomez, Aidan N and Kaiser, ≈Åukasz and
               Polosukhin, Illia },
  year      = {2017}
}